<collection xmlns="http://www.loc.gov/MARC21/slim">
<record>
  <leader>01051nam0a2200253 i 450 </leader>
  <controlfield tag="001">IT\ICCU\CNCE\009620</controlfield>
  <controlfield tag="005">19990917000000.0</controlfield>
  <datafield tag="012" ind1=" " ind2=" ">
    <subfield code="a">m.es asi. t.em t.r. (C) 1507 (R)</subfield>
    <subfield code="2">fei</subfield>
  </datafield>
  <datafield tag="100" ind1=" " ind2=" ">
    <subfield code="a">19970101d1507        0itac0103    ba</subfield>
  </datafield>
  <datafield tag="101" ind1=" " ind2=" ">
    <subfield code="a">LAT</subfield>
  </datafield>
  <datafield tag="102" ind1=" " ind2=" ">
    <subfield code="a">IT</subfield>
  </datafield>
  <datafield tag="200" ind1="1" ind2=" ">
    <subfield code="a">Carmina natiuitatis domini nostri Iesu Christi</subfield>
  </datafield>
  <datafield tag="210" ind1=" " ind2=" ">
    <subfield code="a">Cremone</subfield>
    <subfield code="c">per Franciscum Ricardum de Luere</subfield>
    <subfield code="d">1507</subfield>
  </datafield>
  <datafield tag="215" ind1=" " ind2=" ">
    <subfield code="a">\4! c.</subfield>
    <subfield code="d">4ʻ</subfield>
  </datafield>
  <datafield tag="620" ind1=" " ind2=" ">
    <subfield code="a">IT</subfield>
    <subfield code="d">Cremona</subfield>
  </datafield>
  <datafield tag="712" ind1="0" ind2="0">
    <subfield code="a">Riccardi, Francesco</subfield>
    <subfield code="3">IT\ICCU\CNCT\001164</subfield>
    <subfield code="4">650</subfield>
  </datafield>
  <datafield tag="791" ind1="0" ind2="0">
    <subfield code="a">Luere, Riccardo Francesco</subfield>
    <subfield code="3">IT\ICCU\CNCT\002302</subfield>
    <subfield code="z">Riccardi, Francesco</subfield>
  </datafield>
  <datafield tag="791" ind1="0" ind2="0">
    <subfield code="a">Riccardo, Francesco</subfield>
    <subfield code="3">IT\ICCU\CNCT\002556</subfield>
    <subfield code="z">Riccardi, Francesco</subfield>
  </datafield>
  <datafield tag="791" ind1="0" ind2="0">
    <subfield code="a">Ricardo, Francesco</subfield>
    <subfield code="3">IT\ICCU\CNCT\005361</subfield>
    <subfield code="z">Riccardi, Francesco</subfield>
  </datafield>
  <datafield tag="791" ind1="0" ind2="0">
    <subfield code="a">Ricardus, Franciscus</subfield>
    <subfield code="3">IT\ICCU\CNCT\005363</subfield>
    <subfield code="z">Riccardi, Francesco</subfield>
  </datafield>
  <datafield tag="791" ind1="0" ind2="0">
    <subfield code="a">Ricardi, Francesco</subfield>
    <subfield code="3">IT\ICCU\CNCT\005365</subfield>
    <subfield code="z">Riccardi, Francesco</subfield>
  </datafield>
  <datafield tag="791" ind1="0" ind2="0">
    <subfield code="a">Ricciardus, Franciscus</subfield>
    <subfield code="3">IT\ICCU\CNCT\005367</subfield>
    <subfield code="z">Riccardi, Francesco</subfield>
  </datafield>
  <datafield tag="801" ind1=" " ind2="3">
    <subfield code="a">IT</subfield>
    <subfield code="b">ICCU</subfield>
    <subfield code="c">20201113</subfield>
  </datafield>
  <datafield tag="899" ind1=" " ind2=" ">
    <subfield code="a">Biblioteca universitaria. Pisa</subfield>
    <subfield code="1">PI0112</subfield>
    <subfield code="2">PIS R1</subfield>
  </datafield>
</record>
</collection>
